@book{fluid-mechanics,
    author = "White, Frank M.",
    title = "{Fluid Mechanics}",
    publisher = "McGraw-Hill",
    volume = "",
    number = "",
    series = "McGraw-Hill Series in Mechanical Engineering",
    address = "",
    edition = "Fourth",
    year = "1998",
    month = "December",
    pages = "",
    note = ""
}

@article{pipe-roughness,
    author = "Farshad, F. F. and Rieke, H. H.",
    title = "Surface-Roughness Design Values for Modern Pipes",
    journal = "SPE Drilling and Completion, University of Louisiana at Lafayette",
    volume = "",
    number = "",
    pages = "212-215",
    year = "2006",
    month = "September",
    note = ""
}

@article{article-example,
    author = "",
    title = "",
    journal = "",
    volume = "",
    number = "",
    pages = "",
    year = "",
    month = "",
    note = ""
}

@book{book-example,
    author = "",
    title = "",
    publisher = "",
    volume = "",
    number = "",
    series = "",
    address = "",
    edition = "",
    year = "",
    month = "",
    note = ""
}
